@book{Nita2019,
  doi = {10.1007/978-1-4842-4507-1},
  url = {https://doi.org/10.1007/978-1-4842-4507-1},
  year = {2019},
  publisher = {Apress},
  author = {Stefania Loredana Nita and Marius Mihailescu},
  title = {Haskell Quick Syntax Reference}
}
